<record><leader>00000cas a2200000 a 4500</leader><controlfield tag="001">43609308</controlfield><controlfield tag="008">000310d184u18uunyuwr ne      0   a0eng c</controlfield><datafield ind1=" " ind2=" " tag="010"><subfield code="a">sn 00063006 </subfield></datafield><datafield ind1=" " ind2=" " tag="040"><subfield code="a">NYS</subfield><subfield code="b">eng</subfield><subfield code="c">NYS</subfield><subfield code="d">OCLCQ</subfield><subfield code="d">OCLCF</subfield><subfield code="d">OCLCO</subfield><subfield code="d">DLC</subfield></datafield><datafield ind1="0" ind2=" " tag="022"><subfield code="a">2381-6341</subfield><subfield code="2">1</subfield></datafield><datafield ind1=" " ind2=" " tag="042"><subfield code="a">pcc</subfield><subfield code="a">nsdp</subfield></datafield><datafield ind1=" " ind2=" " tag="043"><subfield code="a">n-us-ny</subfield></datafield><datafield ind1="1" ind2="0" tag="050"><subfield code="a">ISSN RECORD</subfield></datafield><datafield ind1="1" ind2="0" tag="082"><subfield code="a">071</subfield><subfield code="2">23</subfield></datafield><datafield ind1="0" ind2=" " tag="130"><subfield code="a">Saratoga sentinel (Saratoga Springs, N.Y. : 1843)</subfield></datafield><datafield ind1=" " ind2="0" tag="222"><subfield code="a">Saratoga sentinel</subfield><subfield code="b">(Saratoga Springs, N.Y. 1843)</subfield></datafield><datafield ind1="1" ind2="0" tag="245"><subfield code="a">Saratoga sentinel.</subfield></datafield><datafield ind1=" " ind2=" " tag="260"><subfield code="a">Saratoga Springs, N.Y. :</subfield><subfield code="b">Hiram Wilbur, Elias G. Palmer</subfield></datafield><datafield ind1=" " ind2=" " tag="300"><subfield code="a">v.</subfield></datafield><datafield ind1=" " ind2=" " tag="310"><subfield code="a">Weekly (published on Tuesday)</subfield></datafield><datafield ind1=" " ind2=" " tag="500"><subfield code="a">Publishers: W.E. Castle, C.F. Paul, &lt;1846&gt;</subfield></datafield><datafield ind1=" " ind2=" " tag="500"><subfield code="a">Editor: C.F. Paul, &lt;1847&gt;.</subfield></datafield><datafield ind1=" " ind2=" " tag="588"><subfield code="a">Description based on: Vol. 25, no. 14 (July, 25, 1843) = whole no. 1262 = new ser., v. 3, no. 36; title from caption.</subfield></datafield><datafield ind1=" " ind2=" " tag="588"><subfield code="a">Latest issue consulted: Vol. 29, no. 32 (Aug. 3, 1847).</subfield></datafield><datafield ind1=" " ind2="0" tag="651"><subfield code="a">Saratoga Springs (N.Y.)</subfield><subfield code="v">Newspapers.</subfield></datafield><datafield ind1=" " ind2="0" tag="651"><subfield code="a">Saratoga County (N.Y.)</subfield><subfield code="v">Newspapers.</subfield></datafield><datafield ind1=" " ind2="7" tag="651"><subfield code="a">New York (State)</subfield><subfield code="z">Saratoga County.</subfield><subfield code="2">fast</subfield><subfield code="0">(OCoLC)fst01210046</subfield></datafield><datafield ind1=" " ind2="7" tag="651"><subfield code="a">New York (State)</subfield><subfield code="z">Saratoga Springs.</subfield><subfield code="2">fast</subfield><subfield code="0">(OCoLC)fst01206823</subfield></datafield><datafield ind1=" " ind2="7" tag="655"><subfield code="a">Newspapers.</subfield><subfield code="2">fast</subfield><subfield code="0">(OCoLC)fst01423814</subfield></datafield><datafield ind1=" " ind2=" " tag="752"><subfield code="a">United States</subfield><subfield code="b">New York</subfield><subfield code="c">Saratoga</subfield><subfield code="d">Saratoga.</subfield></datafield><datafield ind1="0" ind2=" " tag="775"><subfield code="t">Daily Saratoga sentinel</subfield><subfield code="x">2381-6368</subfield><subfield code="w">(DLC)sn 83031655</subfield><subfield code="w">(OCoLC)9941652</subfield></datafield><datafield ind1="0" ind2="0" tag="780"><subfield code="t">Saratoga sentinel and Democratic champion</subfield><subfield code="x">2381-6317</subfield><subfield code="w">(DLC)sn 86071076</subfield><subfield code="w">(OCoLC)13104580</subfield></datafield><datafield ind1="1" ind2=" " tag="029"><subfield code="a">AU@</subfield><subfield code="b">000021431132</subfield></datafield></record>